@article{kato2010high,
  title={High-dimensional asymptotic expansion of LR statistic for testing intraclass correlation structure and its error bound},
  author={Kato, Naohiro and Yamada, Takayuki and Fujikoshi, Yasunori},
  journal={Journal of multivariate analysis},
  volume={101},
  number={1},
  pages={101--112},
  year={2010},
  publisher={Elsevier}
}